<record><leader>00000cas a2200000 a 4500</leader><controlfield tag="001">28110177</controlfield><controlfield tag="008">930514d18941946iluwr ne      0    0eng c</controlfield><datafield ind1=" " ind2=" " tag="010"><subfield code="a">sn 93055791 </subfield></datafield><datafield ind1=" " ind2=" " tag="040"><subfield code="a">NVF</subfield><subfield code="b">eng</subfield><subfield code="c">NVF</subfield><subfield code="d">OCL</subfield><subfield code="d">NVF</subfield><subfield code="d">OCLCQ</subfield><subfield code="d">OCLCF</subfield><subfield code="d">OCLCO</subfield></datafield><datafield ind1="1" ind2=" " tag="029"><subfield code="a">AU@</subfield><subfield code="b">000041506791</subfield></datafield><datafield ind1=" " ind2=" " tag="042"><subfield code="a">pcc</subfield></datafield><datafield ind1=" " ind2=" " tag="043"><subfield code="a">n-us-il</subfield></datafield><datafield ind1="0" ind2="0" tag="245"><subfield code="a">New Athens journal.</subfield></datafield><datafield ind1=" " ind2=" " tag="260"><subfield code="a">New Athens, Ill. :</subfield><subfield code="b">Baumann Bros.,</subfield><subfield code="c">1894-1946.</subfield></datafield><datafield ind1=" " ind2=" " tag="300"><subfield code="a">v.</subfield></datafield><datafield ind1=" " ind2=" " tag="310"><subfield code="a">Weekly</subfield></datafield><datafield ind1="1" ind2=" " tag="362"><subfield code="a">Began in 1894.</subfield></datafield><datafield ind1="0" ind2=" " tag="362"><subfield code="a">-v. 52, no. 45 (Apr. 24, 1946).</subfield></datafield><datafield ind1=" " ind2=" " tag="580"><subfield code="a">Merged with: New Athens press, to form: Journal-press (New Athens, Ill.).</subfield></datafield><datafield ind1=" " ind2=" " tag="588"><subfield code="a">Description based on: Vol. 1, no. 2 (July 6, 1894).</subfield></datafield><datafield ind1=" " ind2="0" tag="651"><subfield code="a">New Athens (Ill.)</subfield><subfield code="v">Newspapers.</subfield></datafield><datafield ind1=" " ind2="7" tag="655"><subfield code="a">Newspapers.</subfield><subfield code="2">fast</subfield><subfield code="0">(OCoLC)fst01423814</subfield></datafield><datafield ind1=" " ind2="7" tag="651"><subfield code="a">Illinois</subfield><subfield code="z">New Athens.</subfield><subfield code="2">fast</subfield><subfield code="0">(OCoLC)fst01270415</subfield></datafield><datafield ind1=" " ind2=" " tag="752"><subfield code="a">United States</subfield><subfield code="b">Illinois</subfield><subfield code="c">Saint Clair</subfield><subfield code="d">New Athens.</subfield></datafield><datafield ind1="1" ind2="7" tag="785"><subfield code="t">New Athens press</subfield></datafield><datafield ind1="1" ind2="7" tag="785"><subfield code="t">Journal-press (New Athens, Ill.)</subfield><subfield code="w">(DLC)sn 93055792</subfield><subfield code="w">(OCoLC)28110243</subfield></datafield></record>